<?xml version="1.0" encoding="UTF-8"?><collection xmlns="http://www.loc.gov/MARC21/slim"><record><leader>00466nam--2200169-u-4500</leader><controlfield tag="001">000056537</controlfield><controlfield tag="002">20161230</controlfield><controlfield tag="005">20170108234111</controlfield><controlfield tag="008">151112s1000------------r-----000-0-eng-d</controlfield><datafield ind1=" " ind2=" " tag="040"><subfield code="a">IFIN-HH</subfield></datafield><datafield ind1=" " ind2=" " tag="080"><subfield code="a">539.14</subfield></datafield><datafield ind1="1" ind2=" " tag="110"><subfield code="a">National Academy Of Sciences</subfield></datafield><datafield ind1="1" ind2="0" tag="245"><subfield code="a">Nuclear data sheets, 1963, Vol. 5 set 3, paper</subfield></datafield><datafield ind1=" " ind2=" " tag="260"><subfield code="a">Washington, D.C</subfield><subfield code="b">National Academy Of Sciences</subfield><subfield code="c">1963</subfield></datafield><datafield ind1=" " ind2=" " tag="300"><subfield code="a">/PAG.DIF.</subfield></datafield><datafield ind1=" " ind2=" " tag="852"><subfield code="a">12469</subfield><subfield code="c">53.081</subfield></datafield><datafield ind1=" " ind2=" " tag="CAT"><subfield code="a">SYS</subfield><subfield code="c">20170108</subfield><subfield code="h">234111</subfield></datafield></record></collection>